@Manual{bibtex,
  title = {bibtex: bibtex parser},
  author = {Romain Francois},
  year = {2013},
  note = {R package version 0.3-6},
  url = {http://CRAN.R-project.org/package=bibtex},
}

@Manual{knitr1,
  title = {knitr: A general-purpose package for dynamic report generation in R},
  author = {Yihui Xie},
  year = {2013},
  note = {R package version 1.2},
  url = {http://yihui.name/knitr/},
}

@Book{knitr2,
  title = {Dynamic Documents with {R} and knitr},
  author = {Yihui Xie},
  publisher = {Chapman and Hall/CRC},
  year = {2013},
  note = {ISBN 978-1482203530},
  url = {http://yihui.name/knitr/},
}

@InCollection{knitr3,
  booktitle = {Implementing Reproducible Computational Research},
  editor = {Victoria Stodden and Friedrich Leisch and Roger D. Peng},
  title = {knitr: A Comprehensive Tool for Reproducible Research in {R}},
  author = {Yihui Xie},
  publisher = {Chapman and Hall/CRC},
  year = {2013},
  note = {ISBN 978-1466561595},
  url = {http://www.crcpress.com/product/isbn/9781466561595},
}

@Manual{knitcitations,
  title = {knitcitations: Citations for knitr markdown files},
  author = {Carl Boettiger},
  year = {2013},
  note = {R package version 0.5-0},
  url = {https://github.com/cboettig/knitcitations},
}
